@ARTICLE{imbalancing_classes2,
    author = {Nathalie Japkowicz and Shaju Stephen},
    title = {The class imbalance problem: A systematic study},
    journal = {Intelligent Data Analysis},
    year = {2002},
    pages = {429--449}
}

@TECHREPORT{imbalancing_classes1,
    author = {Gary Weiss and Foster Provost},
    title = {The Effect of Class Distribution on Classifier Learning: An Empirical Study},
    institution = {},
    year = {2001}
}

@Article{mlr_imbalancing,
    author="Oommen, Thomas
    and Baise, Laurie G.
    and Vogel, Richard M.",
    title="Sampling Bias and Class Imbalance  in Maximum-likelihood Logistic Regression",
    journal="Mathematical Geosciences",
    year="2011",
    volume="43",
    number="1",
    pages="99--120"
}

@INPROCEEDINGS{modelmatrix2,
    author = {Koby Crammer and Yoram Singer},
    title = {On the Learnability and Design of Output Codes for Multiclass Problems},
    booktitle = {In Proceedings of the Thirteenth Annual Conference on Computational Learning Theory},
    year = {2000},
    pages = {35--46}
}


@MISC{Hastie_theelements,
    author = {Trevor Hastie and Robert Tibshirani and Jerome Friedman},
    title = {The Elements of Statistical Learning -- Data Mining, Inference, and Prediction},
    year = {2001}
}

@BOOK{GLM,
  AUTHOR = {Hardin, James W. and Hilbe, Joseph},
  TITLE = {Generalized Linear Models and Extensions},
  YEAR = {2001},
  PAGES = {245},
  PUBLISHER = {College Station, Texas: Stata Press}
}

@ARTICLE{Friedman98additivelogistic,
    author = {Jerome Friedman and Trevor Hastie and Robert Tibshirani},
    title = {Additive Logistic Regression: a Statistical View of Boosting},
    journal = {Annals of Statistics},
    year = {1998},
    volume = {28},
    pages = {2000}
}

@ARTICLE{Friedman00greedyfunction,
    author = {Jerome H. Friedman},
    title = {Greedy Function Approximation: A Gradient Boosting Machine},
    journal = {Annals of Statistics},
    year = {2000},
    volume = {29},
    pages = {1189--1232}
}

@Article{Zhao_sparseoutput,
  author =   "Bin Zhao and Eric P. Xing",
  title =    "Sparse Output Coding for Large-Scale Visual Recognition",
  journal =  "International Journal of Computer Vision",
  year =   "2013",
  volume =   "119",
  pages =  "60-75"
}

@ARTICLE{Allwein00reducingmulticlass,
    author = {Erin L. Allwein and Robert E. Schapire and Yoram Singer},
    title = {Reducing Multiclass to Binary: A Unifying Approach for Margin Classifiers},
    journal = {JOURNAL OF MACHINE LEARNING RESEARCH},
    year = {2000},
    volume = {1},
    pages = {113--141}
}

@INPROCEEDINGS{Crammer00onthe,
    author = {Koby Crammer and Yoram Singer},
    title = {On the Learnability and Design of Output Codes for Multiclass Problems},
    booktitle = {In Proceedings of the Thirteenth Annual Conference on Computational Learning Theory},
    year = {2000},
    pages = {35--46}
}

@ARTICLE{Rifkin04indefense,
    author = {Ryan Rifkin and Aldebaro Klautau},
    title = {In defense of one-vs-all classification},
    journal = {Journal of Machine Learning Research},
    year = {2004},
    volume = {5},
    pages = {101--141}
}


@INPROCEEDINGS{Lee01algorithmsfor,
    author = {Daniel D. Lee and H. Sebastian Seung},
    title = {Algorithms for Non-negative Matrix Factorization},
    booktitle = {In NIPS},
    year = {2001},
    pages = {556--562},
    publisher = {MIT Press}
}

@MISC{Koren09matrixfactorization,
    author = {Yehuda Koren and Robert Bell and Chris Volinsky},
    title = {MATRIX FACTORIZATION TECHNIQUES FOR RECOMMENDER SYSTEMS},
    year = {2009}
}

@INPROCEEDINGS{Hu08collaborativefiltering,
    author = {Yifan Hu and Yehuda Koren and Chris Volinsky},
    title = {Collaborative filtering for implicit feedback datasets},
    booktitle = {In IEEE International Conference on Data Mining (ICDM 2008},
    year = {2008},
    pages = {263--272}
}

NMF with elastic-net
@article{MahNMF,
  author    = {Naiyang Guan and
               Dacheng Tao and
               Zhigang Luo and
               John Shawe{-}Taylor},
  title     = {MahNMF: Manhattan Non-negative Matrix Factorization},
  journal   = {CoRR},
  volume    = {abs/1207.3438},
  year      = {2012},
  timestamp = {Wed, 10 Oct 2012 21:28:54 +0200},
  biburl    = {http://dblp.uni-trier.de/rec/bib/journals/corr/abs-1207-3438},
  bibsource = {dblp computer science bibliography, http://dblp.org}
}

@article{another-nmf-with-en,
  author    = {Lai Yeuntyng and
               Hayashida Morihiro and
               Zhigang Luo and
               Akutsu Tatsuya},
  title     = {Survival Analysis by Penalized Regression and Matrix Factorization},
  journal   = {The Scientific World JournalRR},
  volume    = {2013},
  year      = {2013}
}


@INPROCEEDINGS{Gulin_winningthe,
    author = {Andrey Gulin and Igor Kuralenok and Dmitry Pavlov},
    title = {Winning the transfer learning track of Yahoo!’s learning to rank challenge with YetiRank},
    booktitle = {JMLR Workshop and Conference Proceedings},
    year = {2011},
    pages = {63--76}
}

@Article{Eckart1936,
    author = "Eckart, Carl and Young, Gale",
    title = "The approximation of one matrix by another of lower rank",
    journal = "Psychometrika",
    year = "1936",
    volume = "1",
    number = "3",
    pages = "211--218"
}

@ARTICLE{elasticnet05,
    author = {Hui Zou and Trevor Hastie},
    title = {Regularization and variable selection via the Elastic Net},
    journal = {Journal of the Royal Statistical Society, Series B},
    year = {2005},
    volume = {67},
    pages = {301--320}
}

@Inbook{Efron1992bootstrap,
    author="Efron, Bradley",
    editor="Kotz, Samuel
    and Johnson, Norman L.",
    title="Bootstrap Methods: Another Look at the Jackknife",
    bookTitle="Breakthroughs in Statistics: Methodology and Distribution",
    year="1992",
    publisher="Springer New York",
    pages="569--593"
}

@article{multilabel12,
    title = {An extensive experimental comparison of methods for multi-label learning},
    author = {Gjorgji Madjarov and Dragi Kocev and Dejan Gjorgjevikj and Saso Dzeroski},
    year = {2012},
    journal = {Pattern Recognition},
    volume = {45},
    number = {9},
    pages = {3084-3104},
}

@misc{uciRepo,
    author = "A. Asuncion, D.J. Newman",
    year = "2007",
    title = "{UCI} Machine Learning Repository",
    url = "http://www.ics.uci.edu/~mlearn/MLRepository.html",
    institution = "University of California, Irvine, School of Information and Computer Sciences" 
}